
@article{m1,
  author={林志豪},
  title={交叉視覺架構之即時侵入物追蹤與定位系統},
  journal={國立臺灣科技大學 自動化及控制研究所},
  year={2012},
  month={碩士論文},
}

@article{m2,
  author = {Bartoletti, Stefania and Guerra, Matteo and Conti, Andrea},
  title = {UWB Passive Navigation in Indoor Environments},
  journal = {Proceedings of the 4th International Symposium on Applied Sciences in Biomedical and Communication Technologies},
  series = {ISABEL '11},
  year = {2011},
  isbn = {978-1-4503-0913-4},
  location = {Barcelona, Spain},
  pages = {175:1--175:5},
  articleno = {175},
  numpages = {5},
  acmid = {2093873},
  publisher = {ACM},
  address = {New York, NY, USA},
  keywords = {TOA estimation, UWB, mobility models, particle filters, passive navigation},
}

@article{m3,
  author={G. {De Angelis} and A. {Moschitta} and P. {Carbone}},
  journal={IEEE Transactions on Intelligent Transportation Systems},
  title={Positioning Techniques in Indoor Environments Based on Stochastic Modeling of UWB Round-Trip-Time Measurements},
  year={2016},
  volume={17},
  number={8},
  pages={2272-2281},
  keywords={AWGN channels;computational complexity;indoor radio;Kalman filters;least squares approximations;nonlinear filters;particle filtering (numerical methods);radio receivers;stochastic processes;time measurement;ultra wideband communication;positioning techniques;indoor environments;stochastic modeling;ultrawideband signals;UWB round-trip-time measurements;RTT measurements;outdoor environments;positioning systems;particle filter;nonlinear pulses;additive white Gaussian noise channel;threshold-based receiver;nonGaussian noise;RTT noise properties;least-squares estimator;extended Kalman filter;computational complexity;Atmospheric measurements;Particle measurements;Position measurement;Data models;Indoor environments;Pulse measurements;Calibration;Ultrawideband (UWB);indoor positioning;TOA;tracking;least squares estimator;extended Kalman filter;particle filter},
  doi={10.1109/TITS.2016.2516822},
  ISSN={1524-9050},
  month={Aug},
}

@misc{m5,
  Title={decawave{,}Technology},
  year={2018},
  note={\url{https://www.decawave.com/technology1}}
}

@article{m4,
  author = {Faragher, R and Harle, R},
  journal={Proceedings of the 27th International Technical Meeting of the Satellite Division of The Institute of Navigation (ION GNSS+ 2014)},
  year = {2014},
  month = {September},
  pages = {201-210},
  title = {An analysis of the accuracy of bluetooth low energy for indoor positioning applications},
  %volume = {1}
}
