
@article{m1,
  author={林志豪},
  title={交叉視覺架構之即時侵入物追蹤與定位系統},
  journal={國立臺灣科技大學 自動化及控制研究所},
  year={2012},
  month={碩士論文},
}

@article{m2,
  author = {Bartoletti, Stefania and Guerra, Matteo and Conti, Andrea},
  title = {UWB Passive Navigation in Indoor Environments},
  journal = {Proceedings of the 4th International Symposium on Applied Sciences in Biomedical and Communication Technologies},
  series = {ISABEL '11},
  year = {2011},
  isbn = {978-1-4503-0913-4},
  location = {Barcelona, Spain},
  pages = {175:1--175:5},
  articleno = {175},
  numpages = {5},
  acmid = {2093873},
  publisher = {ACM},
  address = {New York, NY, USA},
  keywords = {TOA estimation, UWB, mobility models, particle filters, passive navigation},
}

@article{m3,
  author={G. {De Angelis} and A. {Moschitta} and P. {Carbone}},
  journal={IEEE Transactions on Intelligent Transportation Systems},
  title={Positioning Techniques in Indoor Environments Based on Stochastic Modeling of UWB Round-Trip-Time Measurements},
  year={2016},
  volume={17},
  number={8},
  pages={2272-2281},
  keywords={AWGN channels;computational complexity;indoor radio;Kalman filters;least squares approximations;nonlinear filters;particle filtering (numerical methods);radio receivers;stochastic processes;time measurement;ultra wideband communication;positioning techniques;indoor environments;stochastic modeling;ultrawideband signals;UWB round-trip-time measurements;RTT measurements;outdoor environments;positioning systems;particle filter;nonlinear pulses;additive white Gaussian noise channel;threshold-based receiver;nonGaussian noise;RTT noise properties;least-squares estimator;extended Kalman filter;computational complexity;Atmospheric measurements;Particle measurements;Position measurement;Data models;Indoor environments;Pulse measurements;Calibration;Ultrawideband (UWB);indoor positioning;TOA;tracking;least squares estimator;extended Kalman filter;particle filter},
  doi={10.1109/TITS.2016.2516822},
  ISSN={1524-9050},
  month={Aug},
}

@misc{m4,
  author = "維基百科",
  title = "超寬頻 --- 維基百科{,} 自由的百科全書",
  year = "2016",
  url = "https://zh.wikipedia.org/w/index.php?title=\%E8\%B6\%85\%E5\%AF\%AC\%E9\%A0\%BB\&oldid=39427542",
  note = "[Online; accessed 1903}2016]"
}

@misc{m5,
  Title={decawave{,}Technology},
  year={2018},
  note={\url{https://www.decawave.com/technology1}}
}

@misc{m6,
  author = "woken",
  title = "超寬頻(ultra wide band, UWB)概觀",
  year={ },
  url = "http://www.woken.com.tw/files/techinfo/39/UWB\%E7\%B0\%A1\%E4\%BB\%8B.pdf",
}

@misc{m7,
  author = "維基百科",
  title = "最小平方法 --- 維基百科{,} 自由的百科全書",
  year = "2019",
  url = "https://zh.wikipedia.org/w/index.php?title=\%E6\%9C\%80\%E5\%B0\%8F\%E4\%BA\%8C\%E4\%B9\%98\%E6\%B3\%95&oldid=54905561",
  note = "[Online; accessed 2106}2019]"
 }

@misc{m8,
  author = "維基百科.",
  title = "卡爾曼濾波 --- 維基百科{,} 自由的百科全書",
  year = "2019",
  url = "https://zh.wikipedia.org/w/index.php?title=\%E5\%8D\%A1\%E5\%B0\%94\%E6\%9B\%BC\%E6\%BB\%A4\%E6\%B3\%A2&oldid=54984394",
  note = "[Online; accessed 2706}2019]"
}

@article{m9,
  author={陳廉晉},
  title={車聯網之定位系統雛型設計},
  journal={碩士論文},
  year={2018},
  month={中華科技大學 電子工程研究所碩士班},
}

@misc{m10,
  author = "阿洲的程式教學",
  title = "OpenCV介紹",
  year={2015},
  note={\url{http://monkeycoding.com/?p=514}},
}

@article{m11,
  author={WANG,JHEN-YUAN},
  title={火災偵測和區域定位應用於影像監控},
  journal={碩士論文},
  year={2008},
  month={國立臺灣科技大學電機工程系},
}

@article{m12,
  author = {Faragher, R and Harle, R},
  journal={Proceedings of the 27th International Technical Meeting of the Satellite Division of The Institute of Navigation (ION GNSS+ 2014)},
  year = {2014},
  month = {September},
  pages = {201-210},
  title = {An analysis of the accuracy of bluetooth low energy for indoor positioning applications},
  %volume = {1}
}
