@misc{1,
    Title={開春看趨勢，臺灣四大智庫的2025八大趨勢預測},
    year={2015},
    note={\url{https://www.ithome.com.tw/news/94166}}
}

@article{2,
author={林志豪},
title={交叉視覺架構之即時侵入物追蹤與定位系統},
journal={國立臺灣科技大學 自動化及控制研究所},
year={2012},
month={碩士論文},
 }

@article{Bartoletti:2011:UPN:2093698.2093873,
 author = {Bartoletti, Stefania and Guerra, Matteo and Conti, Andrea},
 title = {UWB Passive Navigation in Indoor Environments},
 journal = {Proceedings of the 4th International Symposium on Applied Sciences in Biomedical and Communication Technologies},
 series = {ISABEL '11},
 year = {2011},
 isbn = {978-1-4503-0913-4},
 location = {Barcelona, Spain},
 pages = {175:1--175:5},
 articleno = {175},
 numpages = {5},

 acmid = {2093873},
 publisher = {ACM},
 address = {New York, NY, USA},
 keywords = {TOA estimation, UWB, mobility models, particle filters, passive navigation},
}

@ARTICLE{7410059,
author={G. {De Angelis} and A. {Moschitta} and P. {Carbone}},
journal={IEEE Transactions on Intelligent Transportation Systems},
title={Positioning Techniques in Indoor Environments Based on Stochastic Modeling of UWB Round-Trip-Time Measurements},
year={2016},
volume={17},
number={8},
pages={2272-2281},
keywords={AWGN channels;computational complexity;indoor radio;Kalman filters;least squares approximations;nonlinear filters;particle filtering (numerical methods);radio receivers;stochastic processes;time measurement;ultra wideband communication;positioning techniques;indoor environments;stochastic modeling;ultrawideband signals;UWB round-trip-time measurements;RTT measurements;outdoor environments;positioning systems;particle filter;nonlinear pulses;additive white Gaussian noise channel;threshold-based receiver;nonGaussian noise;RTT noise properties;least-squares estimator;extended Kalman filter;computational complexity;Atmospheric measurements;Particle measurements;Position measurement;Data models;Indoor environments;Pulse measurements;Calibration;Ultrawideband (UWB);indoor positioning;TOA;tracking;least squares estimator;extended Kalman filter;particle filter},
doi={10.1109/TITS.2016.2516822},
ISSN={1524-9050},
month={Aug},}

@misc{0123,
   author = "維基百科",
   title = "超寬頻 --- 維基百科{,} 自由的百科全書",
   year = "2016",
   url = "https://zh.wikipedia.org/w/index.php?title=\%E8\%B6\%85\%E5\%AF\%AC\%E9\%A0\%BB\&oldid=39427542",
   note = "[Online; accessed 1903}2016]"
 }

@misc{3,
    Title={decawave{,}Technology},
    year={2018},
    note={\url{https://www.decawave.com/technology1}}
}

@misc{5,
   author = " ",
   title = "超寬頻(ultra wide band, UWB)概觀",
   year={ },
    url = "http://www.woken.com.tw/files/techinfo/39/UWB\%E7\%B0\%A1\%E4\%BB\%8B.pdf",
}

@misc{6,
   author = "維基百科",
   title = "最小平方法 --- 維基百科{,} 自由的百科全書",
   year = "2019",
   url = "https://zh.wikipedia.org/w/index.php?title=\%E6\%9C\%80\%E5\%B0\%8F\%E4\%BA\%8C\%E4\%B9\%98\%E6\%B3\%95&oldid=54905561",
   note = "[Online; accessed 2106}2019]"
 }

 @misc{7,
   author = "維基百科.",
   title = "卡爾曼濾波 --- 維基百科{,} 自由的百科全書",
   year = "2019",
   url = "https://zh.wikipedia.org/w/index.php?title=\%E5\%8D\%A1\%E5\%B0\%94\%E6\%9B\%BC\%E6\%BB\%A4\%E6\%B3\%A2&oldid=54984394",
   note = "[Online; accessed 2706}2019]"
 }

@article{2123,
author={陳廉晉},
title={車聯網之定位系統雛型設計},
journal={碩士論文},
year={2018},
month={中華科技大學 電子工程研究所碩士班},
 }

@misc{8,
   author = "阿洲的程式教學",
   title = "OpenCV介紹",
    year={2015},
    note={\url{http://monkeycoding.com/?p=514}}

@misc{9,
   author = "程式前沿",
   title = "OpenCV介紹",
    year={2018},
    note={\url{https://codertw.com/\%E7\%A8\%8B\%E5\%BC\%8F\%E8\%AA\%9E\%E8\%A8\%80/541606/}}

@misc{10,
   author = "Raspberry Pi台灣樹莓派",
   title = "[產品] Raspberry Pi 3 Model B+",
    year={2018},
    note={\url{https://www.raspberrypi.com.tw/19429/57/}}

@article{7226229,
author={M. {Khalaf-Allah}},
journal={2015 16th International Radar Symposium (IRS)},
title={Time of arrival (TOA)-based direct location method},
year={2015},
volume={},
number={},
pages={812-815},
keywords={computational complexity;time-of-arrival estimation;time of arrival-based direct location method;TOA-based direct location method;multilateration;power consumption;chip area reduction;Three-dimensional displays;Position measurement;Mobile communication;Estimation;Signal processing algorithms;Wireless communication;Coordinate measuring machines},
doi={10.1109/IRS.2015.7226229},
ISSN={2155-5745},
month={June},}

@article{1001,
author="{DecaWave.Ltd}",
title={APS011 Application note sources of error in dw1000-based two –wayranging(twr) schemes},
journal={APPLICATION NOTE: APS011},
year={2014},

@article{5555555,
author="{Decawave.Ltd}",
title={APS014 Application note antenna delay calbration of dw1000-based products and systems},
journal={APPLICATION NOTE: APS014},
year={2014},

@article{1003,
author="{DecaWave.Ltd}",
title={APS017 Application note maximising range in dw1000-base  systems},
journal={APPLICATION NOTE: APS017},
year={2014},

@article{4646546,
author="{Decawave.Ltd}",
title={DW1000 user manual},
journal={DW1000 USER MANUAL},
year={2017},

@article{1005,
author="北瀚科技室內定位系統",
title={VILS Manual ver2.7 VeriPrecision Indoor Real-time Location System},
journal={USER MANUAL},
year={2017},

@ARTICLE{5466205,
author={Y. {Zhou} and C. L. {Law} and Y. L. {Guan} and F. {Chin}},
journal={IEEE Transactions on Instrumentation and Measurement},
title={Indoor Elliptical Localization Based on Asynchronous UWB Range Measurement},
year={2011},
volume={60},
number={1},
pages={248-257},
keywords={position measurement;radio transmitters;time-of-arrival estimation;ultra wideband communication;indoor elliptical localization;asynchronous UWB range measurement;asynchronous position measurement;UWB transmitter;energy detection receiver;position measurement process;differential TOA;direct coupling signal;transmitter-target range;target-receiver range;Cramer-Rao lower bound;absolute range;positioning error;Time of arrival estimation;Signal processing algorithms;Position measurement;Pulse measurements;Radio transmitters;Pulse amplifiers;Ultra wideband technology;Hardware;Costs;Asset management;Position measurement;range measurement;synchronization;time-of-arrival (TOA);ultra wideband (UWB)},
doi={10.1109/TIM.2010.2049185},
ISSN={0018-9456},
month={Jan},}

@ARTICLE{8103771,
author={Z. {Yin} and X. {Jiang} and Z. {Yang} and N. {Zhao} and Y. {Chen}},
journal={IEEE Systems Journal},
title={WUB-IP: A High-Precision UWB Positioning Scheme for Indoor Multiuser Applications},
year={2019},
volume={13},
number={1},
pages={279-288},
keywords={direction-of-arrival estimation;Global Positioning System;indoor communication;indoor radio;time-of-arrival estimation;ultra wideband communication;NLOS conditions;positioning accuracy;WUB-IP;high-precision UWB positioning scheme;indoor multiuser applications;indoor navigation;nonline-of-sight conditions;waveform division multiple access;UWB positioning applications;indoor positioning scheme;WDMA-UWB-based indoor positioning;entropy-based approach;Distance measurement;Wavelength division multiplexing;Entropy;Time of arrival estimation;Transmitters;Indexes;Wideband;Indoor positioning;transfer learning;ultra-wideband (UWB);waveform division multiple access (WDMA)},
doi={10.1109/JSYST.2017.2766690},
ISSN={1932-8184},
month={March},}

@article{8262565,
author={A. {Noertjahyana} and I. A. {Wijayanto} and J. {Andjarwirawan}},
journal={2017 International Conference on Soft Computing, Intelligent System and Information Technology (ICSIIT)},
title={Development of Mobile Indoor Positioning System Application Using Android and Bluetooth Low Energy with Trilateration Method},
year={2017},
volume={},
number={},
pages={185-189},
keywords={Bluetooth;indoor radio;mobile computing;wireless LAN;mobile indoor Positioning System application;Trilateration method;information technology;smart city;information position;indoor positionting;WiFi;sensor beacon bluetooth low energy;low power consumption;relatively small dimensions;mobile devices;indoor positioning method;measurement technique;Android devices;Bluetooth;Androids;Humanoid robots;IP networks;Meters;Calibration;Testing;Indoor positioning system; trilateration; bluetooth low energy;Android},
doi={10.1109/ICSIIT.2017.64},
ISSN={},
month={Sep.},}

@misc{11,
   author = "{Taiwan Secom Co. Ltd.}",
   title = "中保無限-無線智慧宅",
    year={2014},
    note={\url{http://smarthome.myvita.com.tw/?&gclid=EAIaIQobChMIsPHktvaa4wIVTHRgCh3jRQqlEAAYASAAEgLH5vD_BwE#feature7}}

@article{1008,
author={WANG,JHEN-YUAN},
title={火災偵測和區域定位應用於影像監控},
journal={碩士論文},
year={2008},
month={國立臺灣科技大學電機工程系},
 }

@article{1010,
author = {Faragher, R and Harle, R},
journal={Proceedings of the 27th International Technical Meeting of the Satellite Division of The Institute of Navigation (ION GNSS+ 2014)},
year = {2014},
month = {September},
pages = {201-210},
title = {An analysis of the accuracy of bluetooth low energy for indoor positioning applications},
%volume = {1}
}

@ARTICLE{7060497,
author={C. {Yang} and H. {Shao}},
journal={IEEE Communications Magazine},
title={WiFi-based indoor positioning},
year={2015},
volume={53},
number={3},
pages={150-157},
keywords={antenna arrays;Bluetooth;direction-of-arrival estimation;indoor navigation;time-of-arrival estimation;wireless LAN;Wi-Fi-based indoor positioning;indoor localization;indoor environment;Bluetooth;UWB;ToA;multiple predefined messages transmis- sion;AP;time of arrival estimation;angle of arrival estimation;AoA;IEEE 802.11 Standards;Receivers;Bandwidth;Fingerprint recognition;Indoor communication;Time measurement;Transmitters},
doi={10.1109/MCOM.2015.7060497},
ISSN={0163-6804},
month={March},}

@ARTICLE{5504205,
author={S. S. {Saab} and Z. S. {Nakad}},
journal={IEEE Transactions on Industrial Electronics},
title={A Standalone RFID Indoor Positioning System Using Passive Tags},
year={2011},
volume={58},
number={5},
pages={1961-1970},
keywords={iterative methods;Kalman filters;radiofrequency identification;radionavigation;signal strength information measurement;tag-reader angle-path loss estimation;iterative procedure;location estimation;tag-path position database;backscattered signal power measurement;Kalman filter;radio frequency identification technology;ultrasound;optical tracking;wireless concepts;passive tags;RFID indoor positioning system;Radiofrequency identification;Iterative algorithms;Buildings;Hospitals;Production facilities;Global Positioning System;Optical filters;Ultrasonic imaging;Power measurement;Position measurement;Indoor positioning system (IPS);Kalman filter;localization},
doi={10.1109/TIE.2010.2055774},
ISSN={0278-0046},
month={May},}

@article{1011,
title = "Indoor Positioning Using GPS Revisited",
author = "Kj{\ae}rgaard, {Mikkel Baun} and Henrik Blunck and Torben Godsk and Thomas Toftkj{\ae}r and Christensen, {Dan Lund} and Kaj Gr{\o}nb{\ae}k",
year = "2010",
doi = "10.1007/978-3-642-12654-3_3",
language = "Udefineret/Ukendt",
volume = "6030",
pages = "38--56",
journal = "Lecture Notes in Computer Science",
issn = "0302-9743",
publisher = "Heinemann",
}
@ARTICLE{7808286,
author={M. E. {Rusli} and M. {Ali} and N. {Jamil} and M. M. {Din}},
journal={2016 International Conference on Computer and Communication Engineering (ICCCE)},
title={An Improved Indoor Positioning Algorithm Based on RSSI-Trilateration Technique for Internet of Things (IOT)},
year={2016},
volume={},
number={},
pages={72-77},
keywords={indoor navigation;Internet of Things;RSSI;wireless LAN;improved indoor positioning algorithm;RSSI-trilateration technique;Internet of Things;IoT;indoor localization services;IPS performance improvement;object location;object tracking;improved Wi-Fi trilateration-based method;Intel Galileo board;signal blocking problem;received signal strength measurement;IEEE 802.11 Standard;Mathematical model;Global Positioning System;IP networks;Mobile handsets;Internet of Things;Indoor environments;Indoor Positioning System;Trilateration method;Wi-Fi technology;IOT board;access point;Improved positioning model},
doi={10.1109/ICCCE.2016.28},
ISSN={},
month={July},}

@article{shchekotov2014indoor,
  title={Indoor localization method based on Wi-Fi trilateration technique},
  author={Shchekotov, Maxim}
}

@article{oguejiofor2013outdoor,
  author={Oguejiofor, O and Okorogu, V},
  title={Outdoor localization system using RSSI measurement of wireless sensor network},
  journal={International Journal of Innovative Technology and Exploring Engineering (IJITEE)},
  publisher={Citeseer},
  year = {2013},
  month = {January},
  pages = {1-6},
  volume = {Volume 2},
}
@ARTICLE{1101943,
author={L. {Ljung}},
journal={IEEE Transactions on Automatic Control},
title={Asymptotic behavior of the extended Kalman filter as a parameter estimator for linear systems},
year={1979},
volume={24},
number={1},
pages={36-50},
keywords={Kalman filtering;Linear systems, stochastic discrete-time;Parameter estimation;Parameter estimation;Linear systems;Convergence;State estimation;Nonlinear filters;Nonlinear systems;Estimation theory;Recursive estimation;Algorithm design and analysis;Prediction algorithms},
doi={10.1109/TAC.1979.1101943},
ISSN={0018-9286},
month={February},}

@article{1012,
author={陳光兆},
title={基於Homography的自動車定位研究},
journal={碩士論文},
year={2007},
month={國立交通大學 多媒體工程研究所碩士班},
 }

@article{1045433,
author={A. {Pages-Zamora} and J. {Vidal} and D. H. {Brooks}},
journal={The 13th IEEE International Symposium on Personal, Indoor and Mobile Radio Communications},
title={Closed-form solution for positioning based on angle of arrival measurements},
year={2002},
volume={4},
number={},
pages={1522-1526 vol.4},
keywords={radio direction-finding;direction-of-arrival estimation;radio networks;statistical analysis;radio links;closed-form solution;angle of arrival measurements;user equipment position estimation;wireless communication network;angles of arrival;radio links;base stations;noniterative closed-form solution;statistical analysis;positioning problem;AOA-based positioning;computational load;convergence;position estimate bias;position estimate variance;Closed-form solution;Position measurement;Goniometers;Antenna measurements;Current measurement;Loss measurement;Wireless communication;Time measurement;Delay estimation;Antenna arrays},
doi={10.1109/PIMRC.2002.1045433},
ISSN={},
month={Sep.},}
