@INPROCEEDINGS{IEEE1,
author={Mittal, R. and Bhatia, M. P S},
booktitle={Proceedings of IEEE ICCIC},
title={Wireless sensor networks for monitoring the environmental activities},
year={2010},
month={Dec},
pages={1-5},
}

@INPROCEEDINGS{IEEE2,
author={Yuling Lei and Yan Zhang and Yanjuan Zhao},
booktitle={Proceedings of IEEE WNIS},
title={The Research of Coverage Problems in Wireless Sensor Network},
year={2009},
month={Dec},
pages={31-34},
}

@ARTICLE{IEEE3,
author={Chi-Tsun Cheng and Tse, C.K. and Lau, F.C.M.},
journal={IEEE Sensors Journal},
title={A Delay-Aware Data Collection Network Structure for Wireless Sensor Networks},
year={2011},
month={March},
volume={11},
number={3},
pages={699-710},
}

@INPROCEEDINGS{IEEE4,
author={Miao Zhao and Ming Ma and Yuanyuan Yang},
booktitle={Proceedings of IEEE GLOBECOM},
title={Mobile Data Gathering with Multiuser MIMO Technique in Wireless Sensor Networks},
year={2007},
month={Nov},
pages={838-842},
}

@INPROCEEDINGS{IEEE5,
author={Khemapech, I. and Duncan, I. and Miller, A.},
booktitle={Proceedings of IEEE SUTC},
title={Energy Preservation in Environmental Monitoring WSN},
year={2010},
month={June},
pages={312-319},
}

@inproceedings{INFOCOM6,
  author = {He, Shibo and Chen, Jiming and Jiang, Fachang and Yau, David K. Y. and Xing, Guoliang and Sun, Youxian},
  booktitle = {Proceedings of IEEE INFOCOM},
  keywords = {dblp},
  pages = {2006-2014},
  title = {Energy provisioning in wireless rechargeable sensor networks.},
  year = {2011},
}

@INPROCEEDINGS{IEEE7,
author={Lingkun Fu and Peng Cheng and Yu Gu and Jiming Chen and Tian He},
booktitle={Proceedings of IEEE INFOCOM},
title={Minimizing charging delay in wireless rechargeable sensor networks},
year={2013},
month={April},
pages={2922-2930},
}

@INPROCEEDINGS{IEEE8,
author={Yang Peng and Zi Li and Wensheng Zhang and Qiao, D.},
booktitle={Proceedings of IEEE RTSS},
title={Prolonging Sensor Network Lifetime Through Wireless Charging},
year={2010},
month={Nov},
pages={129-139},
}

@INPROCEEDINGS{INFOCOM9,
author={Songtao Guo and Cong Wang and Yuanyuan Yang},
booktitle={Proceedings of IEEE INFOCOM},
title={Mobile data gathering with Wireless Energy Replenishment in rechargeable sensor networks},
year={2013},
month={April},
pages={1932-1940},
}

@INPROCEEDINGS{IEEE10,
author={Ji Li and Miao Zhao and Yuanyuan Yang},
booktitle={Proceedings of IEEE GLOBECOM},
title={OWER-MDG: A novel energy replenishment and data gathering mechanism in wireless rechargeable sensor networks},
year={2012},
month={Dec},
pages={5350-5355},
}

@INPROCEEDINGS{IEEE11,
author={Cong Wang and Ji Li and Fan Ye and Yuanyuan Yang},
booktitle={Proceedings of IEEE IPDPS},
title={Multi-vehicle Coordination for Wireless Energy Replenishment in Sensor Networks},
year={2013},
month={May},
pages={1101-1111},
}

@INPROCEEDINGS{IEEE12,
author={Fachang Jiang and Shibo He and Peng Cheng and Jiming Chen},
booktitle={Proceedings of IEEE MASS},
title={On Optimal Scheduling in Wireless Rechargeable Sensor Networks for Stochastic Event Capture},
year={2011},
month={Oct},
pages={69-74},
}


@INPROCEEDINGS{IEEE13,
author={Zhu Xi and Zhang Xiaodong and Wu Qingyu},
booktitle={Proceedings of IEEE EMC},
title={Wireless Charging System Based on Switched Beam Smart Antenna Technique},
year={2007},
month={Aug},
pages={486-489},
}



@inproceedings{ACM14,
 author = {Mo, Lufeng and He, Yuan and Liu, Yunhao and Zhao, Jizhong and Tang, Shao-Jie and Li, Xiang-Yang and Dai, Guojun},
 title = {Canopy Closure Estimates with GreenOrbs: Sustainable Sensing in the Forest},
 booktitle = {Proceedings of ACM ENSS},
 year = {2009},
 pages = {99--112},
 address = {New York, NY, USA},
 
}

@inproceedings{ACM15,
 author = {Huang, Chi-Fu and Tseng, Yu-Chee},
 title = {The Coverage Problem in a Wireless Sensor Network},
 booktitle = {Proceedings of ACM WSNA},
 year = {2003},
 pages = {115--121},
 address = {New York, NY, USA},
}

@inproceedings{ACM16,
 author = {Lin, Lan and Lee, Hyunyoung},
 title = {Distributed Algorithms for Dynamic Coverage in Sensor Networks},
 booktitle = {Proceedings of ACM PODC},
 year = {2007},
 pages = {392--393},
 address = {New York, NY, USA},
}

@ARTICLE{IEEE17,
author={Peng Cheng and Shibo He and Fachang Jiang and Yu Gu and Jiming Chen},
journal={IEEE Trans. Wireless Communications},
title={Optimal Scheduling for Quality of Monitoring in Wireless Rechargeable Sensor Networks},
year={2013},
month={June},
volume={12},
pages={3072-3084},
}

@inproceedings{IEEE18,
 author = {Zhao, Miao and Li, Ji and Yang, Yuanyuan},
 title = {Joint Mobile Energy Replenishment and Data Gathering in Wireless Rechargeable Sensor Networks},
 booktitle = {Proceedings of IEEE ITC},
 year = {2011},
 pages = {238--245},
}

@INPROCEEDINGS{IEEE19,
author={Cong Wang and Yuanyuan Yang and Ji Li},
booktitle={Proceedings of IEEE WCNC},
title={Stochastic mobile energy replenishment and adaptive sensor activation for perpetual wireless rechargeable sensor networks},
year={2013},
month={April},
pages={974-979},
}

@article{ACM20,
 author = {Kansal, Aman and Hsu, Jason and Zahedi, Sadaf and Srivastava, Mani B.},
 title = {Power Management in Energy Harvesting Sensor Networks},
 journal = {ACM Trans. Embedded Computing Systems},
 volume = {6},
 number = {4},
 month = sep,
 year = {2007},
 address = {New York, NY, USA},
}

@INPROCEEDINGS{IEEE21,
author={Hsu, J. and Zahedi, S. and Kansal, A and Srivastava, M. and Raghunathan, V.},
booktitle={Proceedings of IEEE ISLPED},
title={Adaptive Duty Cycling for Energy Harvesting Systems},
year={2006},
month={Oct},
pages={180-185},
}

@INPROCEEDINGS{IEEE22,
author={Ren-Shiou Liu and Sinha, P. and Koksal, C.E.},
booktitle={Proceedings of IEEE INFOCOM},
title={Joint Energy Management and Resource Allocation in Rechargeable Sensor Networks},
year={2010},
month={March},
pages={1-9},
}



@INPROCEEDINGS{IEEE23,
author={Nath, S.},
booktitle={Proceedings of IEEE IPSN},
title={Energy efficient sensor data logging with amnesic flash storage},
year={2009},
month={April},
pages={157-168},
}


@ARTICLE{IEEE24,
author={Ordonez, F. and Krishnamachari, B.},
journal={IEEE Selected Areas in Communications},
title={Optimal information extraction in energy-limited wireless sensor networks},
year={2004},
month={Aug},
volume={22},
number={6},
pages={1121-1129},
}

@article{ACM25,
 author = {Jia, Lujun and Rajaraman, Rajmohan and Suel, Torsten},
 title = {An Efficient Distributed Algorithm for Constructing Small Dominating Sets},
 journal = {ACM/Springer Distributed Computing},
 volume = {15},
 number = {4},
 month = dec,
 year = {2002},
 pages = {193--205},
 address = {London, UK, UK},
}

@INPROCEEDINGS{IEEE26,
author={Shin Yoo},
booktitle={Proceedings of IEEE SSBSE},
title={A Novel Mask-Coding Representation for Set Cover Problems with Applications in Test Suite Minimisation},
year={2010},
month={Sept},
pages={19-28},
}
